<?xml version="1.0" encoding="UTF-8"?>
<collection xmlns:xsi="http://www.w3.org/2001/XMLSchema-instance" xsi:schemaLocation="http://www.loc.gov/MARC21/slim http://www.loc.gov/standards/marcxml/schema/MARC21slim.xsd" xmlns="http://www.loc.gov/MARC21/slim">
<record>
  <leader>01086cam a2200241 i 4500</leader>
  <controlfield tag="001">395851</controlfield>
  <controlfield tag="003">NNC</controlfield>
  <controlfield tag="005">20130423033127.0</controlfield>
  <controlfield tag="008">850107r19821907ir            000 0 ara d</controlfield>
  <datafield tag="035" ind1=" " ind2=" ">
    <subfield code="a">(OCoLC)217264208</subfield>
  </datafield>
  <datafield tag="035" ind1=" " ind2=" ">
    <subfield code="a">(OCoLC)ocn217264208</subfield>
  </datafield>
  <datafield tag="035" ind1=" " ind2=" ">
    <subfield code="a">(CStRLIN)NYCG85-B98</subfield>
  </datafield>
  <datafield tag="035" ind1=" " ind2=" ">
    <subfield code="9">ABT4007CU</subfield>
  </datafield>
  <datafield tag="035" ind1=" " ind2=" ">
    <subfield code="a">(NNC)395851</subfield>
  </datafield>
  <datafield tag="040" ind1=" " ind2=" ">
    <subfield code="a">NNC</subfield>
    <subfield code="c">NNC</subfield>
  </datafield>
  <datafield tag="090" ind1=" " ind2=" ">
    <subfield code="a">BP88.S5</subfield>
    <subfield code="b">A42 1982</subfield>
  </datafield>
  <datafield tag="100" ind1="1" ind2=" ">
    <subfield code="a">Sharīf al-Murtaḍá, ʻAlam al-Hudá ʻAlī ibn al-Ḥusayn,</subfield>
    <subfield code="d">966-1044 or 1045.</subfield>
  </datafield>
  <datafield tag="245" ind1="1" ind2="0">
    <subfield code="a">Amālī al-Sayyid al-Murtaḍá fī al-tafsīr wa-al-ḥadīth wa-al-adab /</subfield>
    <subfield code="c">Abī al-Qāsim ʻAlī ibn al-Ṭāhir Abī Aḥmad al-Ḥusayn ; ṣaḥḥaḥahu wa-ḍabaṭa alfāẓahu wa-ʻallaqa ḥawāshiyahu Muḥammad Badr al-Dīn al-Naʻsānī al-Ḥalabī.</subfield>
  </datafield>
  <datafield tag="260" ind1=" " ind2=" ">
    <subfield code="a">Qum :</subfield>
    <subfield code="b">Maktabat Āyat Allāh al-ʻUẓmá al-Marʻahshī al-Najafī,</subfield>
    <subfield code="c">1403 [1982 or 1983]</subfield>
  </datafield>
  <datafield tag="300" ind1=" " ind2=" ">
    <subfield code="a">2 v. ;</subfield>
    <subfield code="c">25 cm.</subfield>
  </datafield>
  <datafield tag="534" ind1="0" ind2=" ">
    <subfield code="p">Reprint.  Originally published:</subfield>
    <subfield code="b">1st ed.</subfield>
    <subfield code="c">Cairo : Maṭbaʻat al-Saʻādah, 1907.</subfield>
  </datafield>
  <datafield tag="650" ind1=" " ind2="0">
    <subfield code="a">Islam.</subfield>
  </datafield>
  <datafield tag="700" ind1="1" ind2=" ">
    <subfield code="a">Naʻsānī, Muḥammad Badr al-Dīn.</subfield>
  </datafield>
  <datafield tag="955" ind1=" " ind2=" ">
    <subfield code="b">0112925950</subfield>
    <subfield code="d">glx</subfield>
    <subfield code="e">BP88.S5 A42 1982</subfield>
    <subfield code="v">v.1</subfield>
  </datafield>
</record>
</collection>